%%

@misc{gaudiosi_2013, title={Riot Games' League Of Legends Officially Becomes Most Played PC Game In The World}, url={https://goo.gl/yuhD4E}, journal={Forbes}, publisher={Forbes Media}, author={Gaudiosi, John}, year={2013}, month={Apr}} 

@misc{volk_2016, title={League of Legends now boasts over 100 million monthly active players worldwide}, url={https://goo.gl/iCo4sa}, journal={The Rift Herald}, author={Volk, Pete}, year={2016}, month={Sep}} 

@misc{champlist, title={Champions}, url={https://na.leagueoflegends.com/en/game-info/champions/}, journal={League of Legends}, publisher={Riot}} 

%4
@inproceedings{Sarwar:2001,
 author = {Sarwar, Badrul and Karypis, George and Konstan, Joseph and Riedl, John},
 title = {Item-based Collaborative Filtering Recommendation Algorithms},
 booktitle = {Proceedings of the 10th International Conference on World Wide Web},
 series = {WWW '01},
 year = {2001},
 isbn = {1-58113-348-0},
 location = {Hong Kong, Hong Kong},
 pages = {285--295},
 numpages = {11},
 url = {http://doi.acm.org/10.1145/371920.372071},
 doi = {10.1145/371920.372071},
 acmid = {372071},
 publisher = {ACM},
 address = {New York, NY, USA},
} 

%%5
@article{Lemire_2005,
   title={Slope One Predictors for Online Rating-Based Collaborative Filtering},
   ISBN={9781611972757},
   url={http://dx.doi.org/10.1137/1.9781611972757.43},
   DOI={10.1137/1.9781611972757.43},
   journal={Proceedings of the 2005 SIAM International Conference on Data Mining},
   publisher={Society for Industrial and Applied Mathematics},
   author={Lemire, Daniel and Maclachlan, Anna},
   year={2005},
   month={Apr},
   pages={471â€“475}
}
%%

@misc{um, title={CS&E Professors and Alumnus Win International Award for Groundbreaking Recommender Systems Research}, url={https://www.cs.umn.edu/news/cse-professors-and-alumnus-win-international-award-groundbreaking-recommender-systems-research}, journal={University of Minnesota}, publisher={Regents of the University of Minnesota}} 

@Misc{Surprise,
author =   {Hug, Nicolas},
title =    { {S}urprise, a {P}ython library for recommender systems},
howpublished = {\url{http://surpriselib.com}},
year = {2017}
}

@software{riotapi,
  author = {{Riot Games}},
  title = {Riot Developer API},
  url = {https://developer.riotgames.com/api-methods/},
  version = {V3},
}

@misc{github,
    author = {Yu, Dylan and Do, Tiffany and Anwer, Salman},
    title = {Project repository},
    url = {https://github.com/JonahFarc/League-Champion-Recommender}
}